%YAML 1.1
%TAG !u! tag:unity3d.com,2011:
--- !u!1 &100000
GameObject:
  m_ObjectHideFlags: 0
  m_PrefabParentObject: {fileID: 0}
  m_PrefabInternal: {fileID: 100100000}
  serializedVersion: 3
  m_Component:
  - 4: {fileID: 400000}
  - 114: {fileID: 11400002}
  - 120: {fileID: 12000000}
  - 114: {fileID: 11400000}
  m_Layer: 29
  m_Name: Signal
  m_TagString: Untagged
  m_Icon: {fileID: 0}
  m_NavMeshLayer: 0
  m_StaticEditorFlags: 0
  m_IsActive: 0
--- !u!1 &100002
GameObject:
  m_ObjectHideFlags: 0
  m_PrefabParentObject: {fileID: 0}
  m_PrefabInternal: {fileID: 100100000}
  serializedVersion: 3
  m_Component:
  - 4: {fileID: 400002}
  - 120: {fileID: 12000002}
  m_Layer: 29
  m_Name: Fiber
  m_TagString: Untagged
  m_Icon: {fileID: 0}
  m_NavMeshLayer: 0
  m_StaticEditorFlags: 0
  m_IsActive: 0
--- !u!4 &400000
Transform:
  m_ObjectHideFlags: 1
  m_PrefabParentObject: {fileID: 0}
  m_PrefabInternal: {fileID: 100100000}
  m_GameObject: {fileID: 100000}
  m_LocalRotation: {x: 0, y: 0, z: 0, w: 1}
  m_LocalPosition: {x: 0, y: 0, z: 0}
  m_LocalScale: {x: 1, y: 1, z: 1}
  m_LocalEulerAnglesHint: {x: 0, y: 0, z: 0}
  m_Children:
  - {fileID: 400002}
  m_Father: {fileID: 0}
--- !u!4 &400002
Transform:
  m_ObjectHideFlags: 1
  m_PrefabParentObject: {fileID: 0}
  m_PrefabInternal: {fileID: 100100000}
  m_GameObject: {fileID: 100002}
  m_LocalRotation: {x: 0, y: 0, z: 0, w: 1}
  m_LocalPosition: {x: 0, y: 0, z: 0}
  m_LocalScale: {x: 1, y: 1, z: 1}
  m_LocalEulerAnglesHint: {x: 0, y: 0, z: 0}
  m_Children: []
  m_Father: {fileID: 400000}
--- !u!114 &11400000
MonoBehaviour:
  m_ObjectHideFlags: 1
  m_PrefabParentObject: {fileID: 0}
  m_PrefabInternal: {fileID: 100100000}
  m_GameObject: {fileID: 100000}
  m_Enabled: 1
  m_EditorHideFlags: 0
  m_Script: {fileID: 11500000, guid: d2b90360d0fa3438f888cbb0d345dd48, type: 1}
  m_Name: 
  edgeView: {fileID: 11400002}
  renderer: {fileID: 12000000}
  childFiber: {fileID: 100002}
  transform: {fileID: 400000}
  sample: 4
  delta: 0
  signalScale: .200000003
--- !u!114 &11400002
MonoBehaviour:
  m_ObjectHideFlags: 1
  m_PrefabParentObject: {fileID: 0}
  m_PrefabInternal: {fileID: 100100000}
  m_GameObject: {fileID: 100000}
  m_Enabled: 1
  m_EditorHideFlags: 0
  m_Script: {fileID: 11500000, guid: 361d0fd14ca404956942e3280a57dae9, type: 1}
  m_Name: 
  channel: 
  tail: {fileID: 0}
  head: {fileID: 0}
  transform: {fileID: 400000}
--- !u!120 &12000000
LineRenderer:
  m_ObjectHideFlags: 1
  m_PrefabParentObject: {fileID: 0}
  m_PrefabInternal: {fileID: 100100000}
  m_GameObject: {fileID: 100000}
  m_Enabled: 1
  m_CastShadows: 1
  m_ReceiveShadows: 1
  m_LightmapIndex: 255
  m_LightmapTilingOffset: {x: 1, y: 1, z: 0, w: 0}
  m_Materials:
  - {fileID: 2100000, guid: 8105be507ebed4b22ae9b6e9c8fc766e, type: 2}
  m_SubsetIndices: 
  m_StaticBatchRoot: {fileID: 0}
  m_UseLightProbes: 0
  m_LightProbeAnchor: {fileID: 0}
  m_ScaleInLightmap: 1
  m_Positions:
  - {x: 0, y: 0, z: 0}
  - {x: 0, y: 0, z: 1}
  m_Parameters:
    startWidth: .0399999991
    endWidth: .0399999991
    m_StartColor:
      serializedVersion: 2
      rgba: 4292441402
    m_EndColor:
      serializedVersion: 2
      rgba: 4294901760
  m_UseWorldSpace: 0
--- !u!120 &12000002
LineRenderer:
  m_ObjectHideFlags: 1
  m_PrefabParentObject: {fileID: 0}
  m_PrefabInternal: {fileID: 100100000}
  m_GameObject: {fileID: 100002}
  m_Enabled: 1
  m_CastShadows: 1
  m_ReceiveShadows: 1
  m_LightmapIndex: 255
  m_LightmapTilingOffset: {x: 1, y: 1, z: 0, w: 0}
  m_Materials:
  - {fileID: 2100000, guid: a5b70e8f26de5497aa0f5356e2fab71f, type: 2}
  m_SubsetIndices: 
  m_StaticBatchRoot: {fileID: 0}
  m_UseLightProbes: 0
  m_LightProbeAnchor: {fileID: 0}
  m_ScaleInLightmap: 1
  m_Positions:
  - {x: 0, y: 0, z: 0}
  - {x: 0, y: 0, z: 1}
  m_Parameters:
    startWidth: .150000006
    endWidth: .150000006
    m_StartColor:
      serializedVersion: 2
      rgba: 881034115
    m_EndColor:
      serializedVersion: 2
      rgba: 375480673
  m_UseWorldSpace: 1
--- !u!1001 &100100000
Prefab:
  m_ObjectHideFlags: 1
  serializedVersion: 2
  m_Modification:
    m_TransformParent: {fileID: 0}
    m_Modifications: []
    m_RemovedComponents: []
  m_ParentPrefab: {fileID: 0}
  m_RootGameObject: {fileID: 100000}
  m_IsPrefabParent: 1
  m_IsExploded: 1
